%% This BibTeX bibliography file was created using BibDesk.
%% https://bibdesk.sourceforge.io/

%% Created for Jérôme Amiguet at 2023-05-20 13:53:18 +0200 


%% Saved with string encoding Unicode (UTF-8) 



@book{extraLength,
	author = {Krzysztof Martens},
	date-added = {2023-05-20 13:23:29 +0200},
	date-modified = {2023-05-20 13:33:40 +0200},
	publisher = {Garsu Pasaulis},
	title = {Extra length transfer bids},
	year = {2006}}

@book{scanian,
	author = {Nilsland, Mats},
	date-modified = {2023-05-20 13:53:15 +0200},
	place = {Krylbo, Sweden},
	publisher = {AB Svenska Bridgef{\"o}rlaget},
	title = {5-card majors: The scanian way},
	year = {2019}}
